##### Vocabuario comum
@article{kolm,
  title={Weighted Kolmogorov-Smirnov test: Accounting for the tails},
  author={Chicheportiche, R{\'e}my and Bouchaud, Jean-Philippe},
  journal={Physical Review E},
  volume={86},
  number={4},
  pages={041115},
  year={2012},
  publisher={APS}
}
